@article{budzianowski2018multiwoz,
  title={Multi{WOZ} - a large-scale multi-domain wizard-of-oz dataset for task-oriented dialogue modelling},
  author={Budzianowski, Pawe{\l} and Wen, Tsung-Hsien and Tseng, Bo-Hsiang and Casanueva, I{\~n}igo and Ultes, Stefan and Ramadan, Osman and Ga{\v{s}}i{\'c}, Milica},
  journal={arXiv preprint arXiv:1810.00278},
  year={2018}
}
@article{asri2017frames,
  title={Frames: A corpus for adding memory to goal-oriented dialogue systems},
  author={Asri, Layla El and Schulz, Hannes and Sharma, Shikhar and Zumer, Jeremie and Harris, Justin and Fine, Emery and Mehrotra, Rahul and Suleman, Kaheer},
  journal={arXiv preprint arXiv:1704.00057},
  year={2017}
}
@article{schulz2017frame,
  title={A frame tracking model for memory-enhanced dialogue systems},
  author={Schulz, Hannes and Zumer, Jeremie and Asri, Layla El and Sharma, Shikhar},
  journal={arXiv preprint arXiv:1706.01690},
  year={2017}
}
@article{ilievski2018go-transfer,
  title={Goal-oriented chatbot dialog management bootstrapping with transfer learning},
  author={Ilievski, Vladimir and Musat, Claudiu and Hossmann, Andreea and Baeriswyl, Michael},
  journal={arXiv preprint arXiv:1802.00500},
  year={2018}
}
@article{dimovski2018submodularity,
  title={Submodularity-inspired data selection for goal-oriented chatbot training based on sentence embeddings},
  author={Dimovski, Mladen and Musat, Claudiu and Ilievski, Vladimir and Hossmann, Andreea and Baeriswyl, Michael},
  journal={arXiv preprint arXiv:1802.00757},
  year={2018}
}
@article{kelley1984iterative,
  title={An iterative design methodology for user-friendly natural language office information applications},
  author={Kelley, John F},
  journal={ACM Transactions on Information Systems (TOIS)},
  volume={2},
  number={1},
  pages={26--41},
  year={1984},
  publisher={ACM}
}
@inproceedings{rieser2005corpus,
  title={A corpus collection and annotation framework for learning multimodal clarification strategies},
  author={Rieser, Verena and Kruijff-Korbayov{\'a}, Ivana and Lemon, Oliver},
  booktitle={6th SIGdial Workshop on DISCOURSE and DIALOGUE},
  year={2005}
}
@article{wen2016network,
  title={A network-based end-to-end trainable task-oriented dialogue system},
  author={Wen, Tsung-Hsien and Vandyke, David and Mrksic, Nikola and Gasic, Milica and Rojas-Barahona, Lina M and Su, Pei-Hao and Ultes, Stefan and Young, Steve},
  journal={arXiv preprint arXiv:1604.04562},
  year={2016}
}
%DSTC (DSTC2 and DSTC3, Henderson et al., 2014b,a) [frame model]
@inproceedings{henderson2014third,
  title={The third dialog state tracking challenge},
  author={Henderson, Matthew and Thomson, Blaise and Williams, Jason D},
  booktitle={2014 IEEE Spoken Language Technology Workshop (SLT)},
  pages={324--329},
  year={2014},
  organization={IEEE}
}
@inproceedings{henderson2014second,
  title={The second dialog state tracking challenge},
  author={Henderson, Matthew and Thomson, Blaise and Williams, Jason D},
  booktitle={Proceedings of the 15th Annual Meeting of the Special Interest Group on Discourse and Dialogue (SIGDIAL)},
  pages={263--272},
  year={2014}
}
@inproceedings{chen2016end,
  title={End-to-end memory networks with knowledge carryover for multi-turn spoken language understanding.},
  author={Chen, Yun-Nung and Hakkani-T{\"u}r, Dilek and T{\"u}r, G{\"o}khan and Gao, Jianfeng and Deng, Li},
  booktitle={Interspeech},
  pages={3245--3249},
  year={2016}
}
@inproceedings{lee2016task,
  title={Task lineages: Dialog state tracking for flexible interaction},
  author={Lee, Sungjin and Stent, Amanda},
  booktitle={Proceedings of the 17th Annual Meeting of the Special Interest Group on Discourse and Dialogue},
  pages={11--21},
  year={2016}
}
@article{sharma2019improving,
  title={Improving Dialogue State Tracking by Discerning the Relevant Context},
  author={Sharma, Sanuj and Choubey, Prafulla Kumar and Huang, Ruihong},
  journal={arXiv preprint arXiv:1904.02800},
  year={2019}
}
@article{perez2016dialog,
  title={Dialog state tracking, a machine reading approach using memory network},
  author={Perez, Julien and Liu, Fei},
  journal={arXiv preprint arXiv:1606.04052},
  year={2016}
}
%MemN2N architecture, introduced by (Weston et al., 2015)
@article{weston2014memory,
  title={Memory networks},
  author={Weston, Jason and Chopra, Sumit and Bordes, Antoine},
  journal={arXiv preprint arXiv:1410.3916},
  year={2014}
}
@article{devlin2018bert,
  title={BERT: Pre-training of Deep Bidirectional Transformers for Language Understanding},
  author={Devlin, Jacob and Chang, Ming-Wei and Lee, Kenton and Toutanova, Kristina},
  journal={arXiv preprint arXiv:1810.04805},
  year={2018}
}
@article{kingma2014adam,
  title={Adam: A method for stochastic optimization},
  author={Kingma, Diederik P and Ba, Jimmy},
  journal={arXiv preprint arXiv:1412.6980},
  year={2014}
}
@inproceedings{bergstra2013hyperopt,
  title={Hyperopt: A python library for optimizing the hyperparameters of machine learning algorithms},
  author={Bergstra, James and Yamins, Dan and Cox, David D},
  booktitle={Proceedings of the 12th Python in science conference},
  pages={13--20},
  year={2013},
  organization={Citeseer}
}
@article{hancock2019learning,
  title={Learning from Dialogue after Deployment: Feed Yourself, Chatbot!},
  author={Hancock, Braden and Bordes, Antoine and Mazare, Pierre-Emmanuel and Weston, Jason},
  journal={arXiv preprint arXiv:1901.05415},
  year={2019}
}